
@article{dr1,
  author    = {Jiajun Wu and
               Chengkai Zhang and
               Tianfan Xue and
               William T. Freeman and
               Joshua B. Tenenbaum},
  title     = {Learning a Probabilistic Latent Space of Object Shapes via 3D Generative-Adversarial
               Modeling},
  journal   = {CoRR},
  volume    = {abs/1610.07584},
  year      = {2016},
  url       = {http://arxiv.org/abs/1610.07584},
  archivePrefix = {arXiv},
  eprint    = {1610.07584},
  timestamp = {Mon, 13 Aug 2018 16:49:07 +0200},
  biburl    = {https://dblp.org/rec/bib/journals/corr/0001ZXFT16},
  bibsource = {dblp computer science bibliography, https://dblp.org}
} ---------------------------------
 
@inproceedings{dr2,
  title={3d shapenets: A deep representation for volumetric shapes},
  author={Wu, Zhirong and Song, Shuran and Khosla, Aditya and Yu, Fisher and Zhang, Linguang and Tang, Xiaoou and Xiao, Jianxiong},
  booktitle={Proceedings of the IEEE conference on computer vision and pattern recognition},
  pages={1912--1920},
  year={2015}
}---------------------------------

@inproceedings{dr3,
  title={Map-reduce for machine learning on multicore},
  author={Chu, Cheng-Tao and Kim, Sang K and Lin, Yi-An and Yu, YuanYuan and Bradski, Gary and Olukotun, Kunle and Ng, Andrew Y},
  booktitle={Advances in neural information processing systems},
  pages={281--288},
  year={2007}
} --------------------------------- 

@article{dr4,
  title={One weird trick for parallelizing convolutional neural networks},
  author={Krizhevsky, Alex},
  journal={arXiv preprint arXiv:1404.5997},
  year={2014}
}---------------------------------

@inproceedings{dr5,
  title={Imagenet classification with deep convolutional neural networks},
  author={Krizhevsky, Alex and Sutskever, Ilya and Hinton, Geoffrey E},
  booktitle={Advances in neural information processing systems},
  pages={1097--1105},
  year={2012}
} ---------------------------------

@inproceedings{dr6,
  title={Visualizing and understanding convolutional networks},
  author={Zeiler, Matthew D and Fergus, Rob},
  booktitle={European conference on computer vision},
  pages={818--833},
  year={2014},
  organization={Springer}
}---------------------------------

@article{dr7,
  author    = {Christopher Bongsoo Choy and
               Danfei Xu and
               JunYoung Gwak and
               Kevin Chen and
               Silvio Savarese},
  title     = {3D-R2N2: {A} Unified Approach for Single and Multi-view 3D Object
               Reconstruction},
  journal   = {CoRR},
  volume    = {abs/1604.00449},
  year      = {2016},
  url       = {http://arxiv.org/abs/1604.00449},
  archivePrefix = {arXiv},
  eprint    = {1604.00449},
  timestamp = {Mon, 13 Aug 2018 16:46:48 +0200},
  biburl    = {https://dblp.org/rec/bib/journals/corr/ChoyXGCS16},
  bibsource = {dblp computer science bibliography, https://dblp.org}
}-------------------------------------



